<?xml version="1.0" encoding="UTF-8"?><collection xmlns="http://www.loc.gov/MARC21/slim"><record><leader>00553nam--2200193-i-4500</leader><controlfield tag="001">000030631</controlfield><controlfield tag="002">20161230</controlfield><controlfield tag="005">20161230201038</controlfield><controlfield tag="008">060222s1000------------r-----000-0-rum-d</controlfield><datafield ind1=" " ind2=" " tag="040"><subfield code="a">IFIN-HH</subfield></datafield><datafield ind1=" " ind2=" " tag="041"><subfield code="a">rum</subfield></datafield><datafield ind1=" " ind2=" " tag="080"><subfield code="a">539.194:541.2</subfield></datafield><datafield ind1="1" ind2=" " tag="100"><subfield code="a">Moldoveanu, Serban</subfield></datafield><datafield ind1="1" ind2="0" tag="245"><subfield code="a">Aplicatii in chimie ale metodelor semiempirice de orbitali moleculari</subfield><subfield code="c">Serban moldoveanu, andrei savin</subfield></datafield><datafield ind1=" " ind2=" " tag="260"><subfield code="a">Bucuresti</subfield><subfield code="b">Editura Academiei R.S.R</subfield><subfield code="c">1980</subfield></datafield><datafield ind1=" " ind2=" " tag="300"><subfield code="a">285P</subfield></datafield><datafield ind1="1" ind2=" " tag="700"><subfield code="a">Savin, Andrei</subfield></datafield><datafield ind1=" " ind2=" " tag="852"><subfield code="a">47179</subfield><subfield code="c">539.19</subfield></datafield><datafield ind1=" " ind2=" " tag="CAT"><subfield code="a">Sys</subfield><subfield code="c">20120716</subfield><subfield code="h">161146</subfield></datafield></record></collection>